@misc{LIFT,
  Title={LIFT:Language-InterfacedFine-Tuning forNon-LanguageMachineLearningTasks},
  author={Tuan Dinh, Yuchen Zeng, Ruisu Zhang, Ziqian Lin, Michael Gira,Shashank Rajput, Jy-yong Sohn, Dimitris Papailiopoulos, Kangwook Lee},
  year={2022},
  publisher={arXiv},
url = {https://arxiv.org/pdf/2206.06565.pdf}
}

@misc{BO-LIFT,
  Title={BAYESIAN OPTIMIZATION OF CATALYSTS WITH IN-CONTEXTLEARNING},
  author={Mayk Caldas Ramos, Shane S. Michtavy, Marc D. Porosoff, Andrew D. White},
  year={2023},
  publisher={arXiv},
url = {https://arxiv.org/pdf/2304.05341.pdf}
}
